!TeX encoding = windows-1251

@BOOK{microsoft_create,
title={Руководство. Создание приложения Windows Forms с помощью .NET [{Э}лектронный ресурс]},
note={URL:~\url{https://learn.microsoft.com/ru-ru/dotnet/desktop/winforms/get-started/create-app-visual-studio?view=netdesktop-9.0}
 (Дата обращения 01.10.2024). Загл. с экр. Яз. рус.},
}

@inproceedings{book_msvisual,
  author =      {В.В.Зиборов},
  booktitle =   {MS Visual C++ 2010 в среде .NET},
  publisher =   {Библиотека программиста},
  year =        {2012},
}

@BOOK{microsoft_provider,
title={ErrorProvider Класс [{Э}лектронный ресурс]},
note={URL:~\url{https://learn.microsoft.com/en-us/dotnet/api/system.windows.forms.errorprovider?view=windowsdesktop-8.0}
 (Дата обращения 01.10.2024). Загл. с экр. Яз. анг.},
}

@inproceedings{book_tmp,
  author=       {Г.Хогенсон},
  booktitle=    {C++/CLI: язык Visual C++ для среды : NET},
  publisher=    {Диалектика / Вильямс},
  year=         {2007},
}

@BOOK{microsoft_dgv,
title={DataGridView Класс [{Э}лектронный ресурс]},
note={URL:~\url{https://learn.microsoft.com/ru-ru/dotnet/api/system.windows.forms.datagridview?view=windowsdesktop-9.0}
 (Дата обращения 14.10.2024). Загл. с экр. Яз. рус.},
}

@BOOK{microsoft_dict,
title={SortedDictionary<TKey,TValue> Класс [{Э}лектронный ресурс]},
note={URL:~\url{https://learn.microsoft.com/ru-ru/dotnet/api/system.collections.generic.sorteddictionary-2?view=net-8.0}
 (Дата обращения 28.10.2024). Загл. с экр. Яз. рус.},
}

@BOOK{microsoft_enabled,
title={Свойство Enabled (Microsoft Forms) [{Э}лектронный ресурс]},
note={URL:~\url{https://learn.microsoft.com/ru-ru/office/vba/language/reference/user-interface-help/enabled-property-microsoft-forms}
 (Дата обращения 14.11.2024). Загл. с экр. Яз. рус.},
}

@inproceedings{book_beginners,
  author=       {Б.Пахомов},
  booktitle=    {C/C++ и MS Visual C++ 2012 для начинающих},
  publisher=    {БХВ"=Петербург},
  year=         {2015},
}

@inproceedings{book_gui,
  author=       {Т.А.Панюкова},
  booktitle=    {Языки и методы программирования: Создание простых GUI-приложений с помощью Visual С++},
  publisher=    {Либроком},
  year=         {2013},
}

@inproceedings{book_excs,
  author=       {Н.Б.Культин},
  booktitle=    {Microsoft Visual C++ в задачах и примерах},
  publisher=    {БХВ"=Петербург},
  year=         {2018},
}




